@online{report1,
    author = "Pochmara Patryk, Sarwiński Wojciech, Rudnik Jakub",
    title = "Raport dotyczący pomiary sygnałów",
    url  = "https://github.com/zeraye/rege/blob/main/reports/signal-measurement/report.pdf",
    keywords = "report1"
}
@online{report2,
    author = "Pochmara Patryk, Sarwiński Wojciech, Rudnik Jakub",
    title = "Raport dotyczący redukcji nadmiarowości",
    url  = "https://github.com/zeraye/rege/blob/main/reports/redundancy-reduction/report.pdf",
    keywords = "report2"
}