@online{aliasing,
    author = "Wikipedia",
    title = "Artykuł o aliasingu dla plików dźwiękowych",
    url  = "https://en.wikipedia.org/wiki/Aliasing#Audio_example",
    keywords = "aliasing"
}