@online{discord,
    author = "Discord",
    title = "Publiczne repozytorium firmy Discord na platformie GitHub",
    url  = "https://github.com/discord",
    keywords = "discord"
}
@online{audacity,
    author = "Audacity",
    title = "Publiczne repozytorium firmy Audacity na platformie GitHub",
    url  = "https://github.com/audacity",
    keywords = "audacity"
}
@online{JanErhard,
    author = "Jan Erhard",
    title = "Technika cyfrowa - przetwarzanie analogowo-cyfrowe. Pr√≥bkowanie",
    url  = "https://livesound.pl/tutoriale/3979",
    keywords = "JanErhard"
}